%YAML 1.1
%TAG !u! tag:unity3d.com,2011:
--- !u!29 &1
SceneSettings:
  m_ObjectHideFlags: 0
  m_PVSData: 
  m_PVSObjectsArray: []
  m_PVSPortalsArray: []
  m_OcclusionBakeSettings:
    smallestOccluder: 5
    smallestHole: .25
    backfaceThreshold: 100
--- !u!104 &2
RenderSettings:
  m_ObjectHideFlags: 0
  serializedVersion: 6
  m_Fog: 0
  m_FogColor: {r: .5, g: .5, b: .5, a: 1}
  m_FogMode: 3
  m_FogDensity: .00999999978
  m_LinearFogStart: 0
  m_LinearFogEnd: 300
  m_AmbientSkyColor: {r: .211999997, g: .226999998, b: .259000003, a: 1}
  m_AmbientEquatorColor: {r: .114, g: .125, b: .133000001, a: 1}
  m_AmbientGroundColor: {r: .0469999984, g: .0430000015, b: .0350000001, a: 1}
  m_AmbientIntensity: 1
  m_AmbientMode: 3
  m_SkyboxMaterial: {fileID: 0}
  m_HaloStrength: .5
  m_FlareStrength: 1
  m_FlareFadeSpeed: 3
  m_HaloTexture: {fileID: 0}
  m_SpotCookie: {fileID: 10001, guid: 0000000000000000e000000000000000, type: 0}
  m_DefaultReflectionMode: 0
  m_DefaultReflectionResolution: 128
  m_ReflectionBounces: 1
  m_ReflectionIntensity: 1
  m_CustomReflection: {fileID: 0}
  m_Sun: {fileID: 0}
--- !u!157 &3
LightmapSettings:
  m_ObjectHideFlags: 0
  serializedVersion: 5
  m_GIWorkflowMode: 1
  m_LightmapsMode: 1
  m_GISettings:
    serializedVersion: 2
    m_BounceScale: 1
    m_IndirectOutputScale: 1
    m_AlbedoBoost: 1
    m_TemporalCoherenceThreshold: 1
    m_EnvironmentLightingMode: 0
    m_EnableBakedLightmaps: 0
    m_EnableRealtimeLightmaps: 0
  m_LightmapEditorSettings:
    serializedVersion: 3
    m_Resolution: 2
    m_BakeResolution: 40
    m_TextureWidth: 1024
    m_TextureHeight: 1024
    m_AOMaxDistance: 1
    m_Padding: 2
    m_CompAOExponent: 0
    m_LightmapParameters: {fileID: 0}
    m_TextureCompression: 1
    m_FinalGather: 0
    m_FinalGatherRayCount: 1024
    m_ReflectionCompression: 2
  m_LightmapSnapshot: {fileID: 0}
  m_RuntimeCPUUsage: 25
--- !u!196 &4
NavMeshSettings:
  serializedVersion: 2
  m_ObjectHideFlags: 0
  m_BuildSettings:
    serializedVersion: 2
    agentRadius: .5
    agentHeight: 2
    agentSlope: 45
    agentClimb: .400000006
    ledgeDropHeight: 0
    maxJumpAcrossDistance: 0
    accuratePlacement: 0
    minRegionArea: 2
    cellSize: .166666672
    manualCellSize: 0
  m_NavMeshData: {fileID: 0}
--- !u!1001 &274949411
Prefab:
  m_ObjectHideFlags: 0
  serializedVersion: 2
  m_Modification:
    m_TransformParent: {fileID: 0}
    m_Modifications:
    - target: {fileID: 419296, guid: 34818ff241b7b8c47b529edb148b494c, type: 2}
      propertyPath: m_LocalPosition.x
      value: -13.4499998
      objectReference: {fileID: 0}
    - target: {fileID: 419296, guid: 34818ff241b7b8c47b529edb148b494c, type: 2}
      propertyPath: m_LocalPosition.y
      value: -16.5499992
      objectReference: {fileID: 0}
    - target: {fileID: 419296, guid: 34818ff241b7b8c47b529edb148b494c, type: 2}
      propertyPath: m_LocalPosition.z
      value: 0
      objectReference: {fileID: 0}
    - target: {fileID: 419296, guid: 34818ff241b7b8c47b529edb148b494c, type: 2}
      propertyPath: m_LocalRotation.x
      value: 0
      objectReference: {fileID: 0}
    - target: {fileID: 419296, guid: 34818ff241b7b8c47b529edb148b494c, type: 2}
      propertyPath: m_LocalRotation.y
      value: 0
      objectReference: {fileID: 0}
    - target: {fileID: 419296, guid: 34818ff241b7b8c47b529edb148b494c, type: 2}
      propertyPath: m_LocalRotation.z
      value: 0
      objectReference: {fileID: 0}
    - target: {fileID: 419296, guid: 34818ff241b7b8c47b529edb148b494c, type: 2}
      propertyPath: m_LocalRotation.w
      value: 1
      objectReference: {fileID: 0}
    - target: {fileID: 419296, guid: 34818ff241b7b8c47b529edb148b494c, type: 2}
      propertyPath: m_RootOrder
      value: 0
      objectReference: {fileID: 0}
    - target: {fileID: 184094, guid: 34818ff241b7b8c47b529edb148b494c, type: 2}
      propertyPath: m_Name
      value: Block (2)
      objectReference: {fileID: 0}
    - target: {fileID: 419296, guid: 34818ff241b7b8c47b529edb148b494c, type: 2}
      propertyPath: m_LocalScale.y
      value: 22.2529526
      objectReference: {fileID: 0}
    m_RemovedComponents: []
  m_ParentPrefab: {fileID: 100100000, guid: 34818ff241b7b8c47b529edb148b494c, type: 2}
  m_IsPrefabParent: 0
--- !u!1001 &284294893
Prefab:
  m_ObjectHideFlags: 0
  serializedVersion: 2
  m_Modification:
    m_TransformParent: {fileID: 0}
    m_Modifications:
    - target: {fileID: 414476, guid: 1e8b5d2ef21192d49a302d9a5a2a35b0, type: 2}
      propertyPath: m_LocalPosition.x
      value: -23.0548363
      objectReference: {fileID: 0}
    - target: {fileID: 414476, guid: 1e8b5d2ef21192d49a302d9a5a2a35b0, type: 2}
      propertyPath: m_LocalPosition.y
      value: -18.1335754
      objectReference: {fileID: 0}
    - target: {fileID: 414476, guid: 1e8b5d2ef21192d49a302d9a5a2a35b0, type: 2}
      propertyPath: m_LocalPosition.z
      value: 0
      objectReference: {fileID: 0}
    - target: {fileID: 414476, guid: 1e8b5d2ef21192d49a302d9a5a2a35b0, type: 2}
      propertyPath: m_LocalRotation.x
      value: 0
      objectReference: {fileID: 0}
    - target: {fileID: 414476, guid: 1e8b5d2ef21192d49a302d9a5a2a35b0, type: 2}
      propertyPath: m_LocalRotation.y
      value: 0
      objectReference: {fileID: 0}
    - target: {fileID: 414476, guid: 1e8b5d2ef21192d49a302d9a5a2a35b0, type: 2}
      propertyPath: m_LocalRotation.z
      value: 0
      objectReference: {fileID: 0}
    - target: {fileID: 414476, guid: 1e8b5d2ef21192d49a302d9a5a2a35b0, type: 2}
      propertyPath: m_LocalRotation.w
      value: 1
      objectReference: {fileID: 0}
    - target: {fileID: 414476, guid: 1e8b5d2ef21192d49a302d9a5a2a35b0, type: 2}
      propertyPath: m_RootOrder
      value: 0
      objectReference: {fileID: 0}
    m_RemovedComponents: []
  m_ParentPrefab: {fileID: 100100000, guid: 1e8b5d2ef21192d49a302d9a5a2a35b0, type: 2}
  m_IsPrefabParent: 0
--- !u!1001 &658557095
Prefab:
  m_ObjectHideFlags: 0
  serializedVersion: 2
  m_Modification:
    m_TransformParent: {fileID: 0}
    m_Modifications:
    - target: {fileID: 419296, guid: 34818ff241b7b8c47b529edb148b494c, type: 2}
      propertyPath: m_LocalPosition.x
      value: -21.4400005
      objectReference: {fileID: 0}
    - target: {fileID: 419296, guid: 34818ff241b7b8c47b529edb148b494c, type: 2}
      propertyPath: m_LocalPosition.y
      value: -21.5559998
      objectReference: {fileID: 0}
    - target: {fileID: 419296, guid: 34818ff241b7b8c47b529edb148b494c, type: 2}
      propertyPath: m_LocalPosition.z
      value: 0
      objectReference: {fileID: 0}
    - target: {fileID: 419296, guid: 34818ff241b7b8c47b529edb148b494c, type: 2}
      propertyPath: m_LocalRotation.x
      value: 0
      objectReference: {fileID: 0}
    - target: {fileID: 419296, guid: 34818ff241b7b8c47b529edb148b494c, type: 2}
      propertyPath: m_LocalRotation.y
      value: 0
      objectReference: {fileID: 0}
    - target: {fileID: 419296, guid: 34818ff241b7b8c47b529edb148b494c, type: 2}
      propertyPath: m_LocalRotation.z
      value: 0
      objectReference: {fileID: 0}
    - target: {fileID: 419296, guid: 34818ff241b7b8c47b529edb148b494c, type: 2}
      propertyPath: m_LocalRotation.w
      value: 1
      objectReference: {fileID: 0}
    - target: {fileID: 419296, guid: 34818ff241b7b8c47b529edb148b494c, type: 2}
      propertyPath: m_RootOrder
      value: 0
      objectReference: {fileID: 0}
    - target: {fileID: 21298928, guid: 34818ff241b7b8c47b529edb148b494c, type: 2}
      propertyPath: m_Enabled
      value: 0
      objectReference: {fileID: 0}
    - target: {fileID: 419296, guid: 34818ff241b7b8c47b529edb148b494c, type: 2}
      propertyPath: m_LocalScale.x
      value: 33.2759132
      objectReference: {fileID: 0}
    m_RemovedComponents: []
  m_ParentPrefab: {fileID: 100100000, guid: 34818ff241b7b8c47b529edb148b494c, type: 2}
  m_IsPrefabParent: 0
--- !u!1001 &695558249
Prefab:
  m_ObjectHideFlags: 0
  serializedVersion: 2
  m_Modification:
    m_TransformParent: {fileID: 0}
    m_Modifications:
    - target: {fileID: 428020, guid: e695c347d99d79b4d95409e2223011d5, type: 2}
      propertyPath: m_LocalPosition.x
      value: -13.4799995
      objectReference: {fileID: 0}
    - target: {fileID: 428020, guid: e695c347d99d79b4d95409e2223011d5, type: 2}
      propertyPath: m_LocalPosition.y
      value: -16.3999996
      objectReference: {fileID: 0}
    - target: {fileID: 428020, guid: e695c347d99d79b4d95409e2223011d5, type: 2}
      propertyPath: m_LocalPosition.z
      value: 0
      objectReference: {fileID: 0}
    - target: {fileID: 428020, guid: e695c347d99d79b4d95409e2223011d5, type: 2}
      propertyPath: m_LocalRotation.x
      value: 0
      objectReference: {fileID: 0}
    - target: {fileID: 428020, guid: e695c347d99d79b4d95409e2223011d5, type: 2}
      propertyPath: m_LocalRotation.y
      value: 0
      objectReference: {fileID: 0}
    - target: {fileID: 428020, guid: e695c347d99d79b4d95409e2223011d5, type: 2}
      propertyPath: m_LocalRotation.z
      value: .707106829
      objectReference: {fileID: 0}
    - target: {fileID: 428020, guid: e695c347d99d79b4d95409e2223011d5, type: 2}
      propertyPath: m_LocalRotation.w
      value: .707106709
      objectReference: {fileID: 0}
    - target: {fileID: 428020, guid: e695c347d99d79b4d95409e2223011d5, type: 2}
      propertyPath: m_RootOrder
      value: 0
      objectReference: {fileID: 0}
    - target: {fileID: 145170, guid: e695c347d99d79b4d95409e2223011d5, type: 2}
      propertyPath: m_Name
      value: CamraBlock (1)
      objectReference: {fileID: 0}
    - target: {fileID: 21263086, guid: e695c347d99d79b4d95409e2223011d5, type: 2}
      propertyPath: m_Enabled
      value: 0
      objectReference: {fileID: 0}
    - target: {fileID: 428020, guid: e695c347d99d79b4d95409e2223011d5, type: 2}
      propertyPath: m_LocalScale.x
      value: 45.2252502
      objectReference: {fileID: 0}
    m_RemovedComponents: []
  m_ParentPrefab: {fileID: 100100000, guid: e695c347d99d79b4d95409e2223011d5, type: 2}
  m_IsPrefabParent: 0
--- !u!1001 &810137930
Prefab:
  m_ObjectHideFlags: 0
  serializedVersion: 2
  m_Modification:
    m_TransformParent: {fileID: 0}
    m_Modifications:
    - target: {fileID: 22434610, guid: 70d4b37c783e19c45b7d2aeaef7ce39a, type: 2}
      propertyPath: m_LocalPosition.x
      value: 0
      objectReference: {fileID: 0}
    - target: {fileID: 22434610, guid: 70d4b37c783e19c45b7d2aeaef7ce39a, type: 2}
      propertyPath: m_LocalPosition.y
      value: 0
      objectReference: {fileID: 0}
    - target: {fileID: 22434610, guid: 70d4b37c783e19c45b7d2aeaef7ce39a, type: 2}
      propertyPath: m_LocalPosition.z
      value: 0
      objectReference: {fileID: 0}
    - target: {fileID: 22434610, guid: 70d4b37c783e19c45b7d2aeaef7ce39a, type: 2}
      propertyPath: m_LocalRotation.x
      value: 0
      objectReference: {fileID: 0}
    - target: {fileID: 22434610, guid: 70d4b37c783e19c45b7d2aeaef7ce39a, type: 2}
      propertyPath: m_LocalRotation.y
      value: 0
      objectReference: {fileID: 0}
    - target: {fileID: 22434610, guid: 70d4b37c783e19c45b7d2aeaef7ce39a, type: 2}
      propertyPath: m_LocalRotation.z
      value: 0
      objectReference: {fileID: 0}
    - target: {fileID: 22434610, guid: 70d4b37c783e19c45b7d2aeaef7ce39a, type: 2}
      propertyPath: m_LocalRotation.w
      value: 1
      objectReference: {fileID: 0}
    - target: {fileID: 22434610, guid: 70d4b37c783e19c45b7d2aeaef7ce39a, type: 2}
      propertyPath: m_RootOrder
      value: 0
      objectReference: {fileID: 0}
    - target: {fileID: 22434610, guid: 70d4b37c783e19c45b7d2aeaef7ce39a, type: 2}
      propertyPath: m_AnchoredPosition.x
      value: 0
      objectReference: {fileID: 0}
    - target: {fileID: 22434610, guid: 70d4b37c783e19c45b7d2aeaef7ce39a, type: 2}
      propertyPath: m_AnchoredPosition.y
      value: 0
      objectReference: {fileID: 0}
    - target: {fileID: 22434610, guid: 70d4b37c783e19c45b7d2aeaef7ce39a, type: 2}
      propertyPath: m_SizeDelta.x
      value: 0
      objectReference: {fileID: 0}
    - target: {fileID: 22434610, guid: 70d4b37c783e19c45b7d2aeaef7ce39a, type: 2}
      propertyPath: m_SizeDelta.y
      value: 0
      objectReference: {fileID: 0}
    - target: {fileID: 22434610, guid: 70d4b37c783e19c45b7d2aeaef7ce39a, type: 2}
      propertyPath: m_AnchorMin.x
      value: 0
      objectReference: {fileID: 0}
    - target: {fileID: 22434610, guid: 70d4b37c783e19c45b7d2aeaef7ce39a, type: 2}
      propertyPath: m_AnchorMin.y
      value: 0
      objectReference: {fileID: 0}
    - target: {fileID: 22434610, guid: 70d4b37c783e19c45b7d2aeaef7ce39a, type: 2}
      propertyPath: m_AnchorMax.x
      value: 0
      objectReference: {fileID: 0}
    - target: {fileID: 22434610, guid: 70d4b37c783e19c45b7d2aeaef7ce39a, type: 2}
      propertyPath: m_AnchorMax.y
      value: 0
      objectReference: {fileID: 0}
    - target: {fileID: 22434610, guid: 70d4b37c783e19c45b7d2aeaef7ce39a, type: 2}
      propertyPath: m_Pivot.x
      value: 0
      objectReference: {fileID: 0}
    - target: {fileID: 22434610, guid: 70d4b37c783e19c45b7d2aeaef7ce39a, type: 2}
      propertyPath: m_Pivot.y
      value: 0
      objectReference: {fileID: 0}
    - target: {fileID: 22344944, guid: 70d4b37c783e19c45b7d2aeaef7ce39a, type: 2}
      propertyPath: m_Camera
      value: 
      objectReference: {fileID: 1468342267}
    m_RemovedComponents: []
  m_ParentPrefab: {fileID: 100100000, guid: 70d4b37c783e19c45b7d2aeaef7ce39a, type: 2}
  m_IsPrefabParent: 0
--- !u!1001 &953764916
Prefab:
  m_ObjectHideFlags: 0
  serializedVersion: 2
  m_Modification:
    m_TransformParent: {fileID: 0}
    m_Modifications:
    - target: {fileID: 405446, guid: 294f8d38d87f22c47ab6fbca460f0df3, type: 2}
      propertyPath: m_LocalPosition.x
      value: -22.8006191
      objectReference: {fileID: 0}
    - target: {fileID: 405446, guid: 294f8d38d87f22c47ab6fbca460f0df3, type: 2}
      propertyPath: m_LocalPosition.y
      value: -18.5264568
      objectReference: {fileID: 0}
    - target: {fileID: 405446, guid: 294f8d38d87f22c47ab6fbca460f0df3, type: 2}
      propertyPath: m_LocalPosition.z
      value: 0
      objectReference: {fileID: 0}
    - target: {fileID: 405446, guid: 294f8d38d87f22c47ab6fbca460f0df3, type: 2}
      propertyPath: m_LocalRotation.x
      value: 0
      objectReference: {fileID: 0}
    - target: {fileID: 405446, guid: 294f8d38d87f22c47ab6fbca460f0df3, type: 2}
      propertyPath: m_LocalRotation.y
      value: 0
      objectReference: {fileID: 0}
    - target: {fileID: 405446, guid: 294f8d38d87f22c47ab6fbca460f0df3, type: 2}
      propertyPath: m_LocalRotation.z
      value: 0
      objectReference: {fileID: 0}
    - target: {fileID: 405446, guid: 294f8d38d87f22c47ab6fbca460f0df3, type: 2}
      propertyPath: m_LocalRotation.w
      value: 1
      objectReference: {fileID: 0}
    - target: {fileID: 405446, guid: 294f8d38d87f22c47ab6fbca460f0df3, type: 2}
      propertyPath: m_RootOrder
      value: 0
      objectReference: {fileID: 0}
    m_RemovedComponents: []
  m_ParentPrefab: {fileID: 100100000, guid: 294f8d38d87f22c47ab6fbca460f0df3, type: 2}
  m_IsPrefabParent: 0
--- !u!1001 &962168112
Prefab:
  m_ObjectHideFlags: 0
  serializedVersion: 2
  m_Modification:
    m_TransformParent: {fileID: 0}
    m_Modifications:
    - target: {fileID: 428020, guid: e695c347d99d79b4d95409e2223011d5, type: 2}
      propertyPath: m_LocalPosition.x
      value: -21.2900009
      objectReference: {fileID: 0}
    - target: {fileID: 428020, guid: e695c347d99d79b4d95409e2223011d5, type: 2}
      propertyPath: m_LocalPosition.y
      value: -21.9699993
      objectReference: {fileID: 0}
    - target: {fileID: 428020, guid: e695c347d99d79b4d95409e2223011d5, type: 2}
      propertyPath: m_LocalPosition.z
      value: 0
      objectReference: {fileID: 0}
    - target: {fileID: 428020, guid: e695c347d99d79b4d95409e2223011d5, type: 2}
      propertyPath: m_LocalRotation.x
      value: 0
      objectReference: {fileID: 0}
    - target: {fileID: 428020, guid: e695c347d99d79b4d95409e2223011d5, type: 2}
      propertyPath: m_LocalRotation.y
      value: 0
      objectReference: {fileID: 0}
    - target: {fileID: 428020, guid: e695c347d99d79b4d95409e2223011d5, type: 2}
      propertyPath: m_LocalRotation.z
      value: 0
      objectReference: {fileID: 0}
    - target: {fileID: 428020, guid: e695c347d99d79b4d95409e2223011d5, type: 2}
      propertyPath: m_LocalRotation.w
      value: 1
      objectReference: {fileID: 0}
    - target: {fileID: 428020, guid: e695c347d99d79b4d95409e2223011d5, type: 2}
      propertyPath: m_RootOrder
      value: 0
      objectReference: {fileID: 0}
    - target: {fileID: 428020, guid: e695c347d99d79b4d95409e2223011d5, type: 2}
      propertyPath: m_LocalScale.x
      value: 64.7364883
      objectReference: {fileID: 0}
    m_RemovedComponents: []
  m_ParentPrefab: {fileID: 100100000, guid: e695c347d99d79b4d95409e2223011d5, type: 2}
  m_IsPrefabParent: 0
--- !u!1001 &986553020
Prefab:
  m_ObjectHideFlags: 0
  serializedVersion: 2
  m_Modification:
    m_TransformParent: {fileID: 0}
    m_Modifications:
    - target: {fileID: 405214, guid: 7f70b36022b18644b989fd724ebceb65, type: 2}
      propertyPath: m_LocalPosition.x
      value: -21.876194
      objectReference: {fileID: 0}
    - target: {fileID: 405214, guid: 7f70b36022b18644b989fd724ebceb65, type: 2}
      propertyPath: m_LocalPosition.y
      value: -17.8100262
      objectReference: {fileID: 0}
    - target: {fileID: 405214, guid: 7f70b36022b18644b989fd724ebceb65, type: 2}
      propertyPath: m_LocalPosition.z
      value: 0
      objectReference: {fileID: 0}
    - target: {fileID: 405214, guid: 7f70b36022b18644b989fd724ebceb65, type: 2}
      propertyPath: m_LocalRotation.x
      value: 0
      objectReference: {fileID: 0}
    - target: {fileID: 405214, guid: 7f70b36022b18644b989fd724ebceb65, type: 2}
      propertyPath: m_LocalRotation.y
      value: 0
      objectReference: {fileID: 0}
    - target: {fileID: 405214, guid: 7f70b36022b18644b989fd724ebceb65, type: 2}
      propertyPath: m_LocalRotation.z
      value: 0
      objectReference: {fileID: 0}
    - target: {fileID: 405214, guid: 7f70b36022b18644b989fd724ebceb65, type: 2}
      propertyPath: m_LocalRotation.w
      value: 1
      objectReference: {fileID: 0}
    - target: {fileID: 405214, guid: 7f70b36022b18644b989fd724ebceb65, type: 2}
      propertyPath: m_RootOrder
      value: 0
      objectReference: {fileID: 0}
    m_RemovedComponents: []
  m_ParentPrefab: {fileID: 100100000, guid: 7f70b36022b18644b989fd724ebceb65, type: 2}
  m_IsPrefabParent: 0
--- !u!1 &1107840050
GameObject:
  m_ObjectHideFlags: 0
  m_PrefabParentObject: {fileID: 0}
  m_PrefabInternal: {fileID: 0}
  serializedVersion: 4
  m_Component:
  - 4: {fileID: 1107840052}
  - 212: {fileID: 1107840051}
  m_Layer: 0
  m_Name: Level0
  m_TagString: Untagged
  m_Icon: {fileID: 0}
  m_NavMeshLayer: 0
  m_StaticEditorFlags: 0
  m_IsActive: 1
--- !u!212 &1107840051
SpriteRenderer:
  m_ObjectHideFlags: 0
  m_PrefabParentObject: {fileID: 0}
  m_PrefabInternal: {fileID: 0}
  m_GameObject: {fileID: 1107840050}
  m_Enabled: 1
  m_CastShadows: 0
  m_ReceiveShadows: 0
  m_Materials:
  - {fileID: 10754, guid: 0000000000000000e000000000000000, type: 0}
  m_SubsetIndices: 
  m_StaticBatchRoot: {fileID: 0}
  m_UseLightProbes: 0
  m_ReflectionProbeUsage: 0
  m_ProbeAnchor: {fileID: 0}
  m_ScaleInLightmap: 1
  m_PreserveUVs: 0
  m_ImportantGI: 0
  m_AutoUVMaxDistance: .5
  m_AutoUVMaxAngle: 89
  m_LightmapParameters: {fileID: 0}
  m_SortingLayerID: 1652766927
  m_SortingOrder: 0
  m_Sprite: {fileID: 21300000, guid: bd2da1756a05f8e4fb85a9092dda3d81, type: 3}
  m_Color: {r: 1, g: 1, b: 1, a: 1}
--- !u!4 &1107840052
Transform:
  m_ObjectHideFlags: 0
  m_PrefabParentObject: {fileID: 0}
  m_PrefabInternal: {fileID: 0}
  m_GameObject: {fileID: 1107840050}
  m_LocalRotation: {x: 0, y: 0, z: 0, w: 1}
  m_LocalPosition: {x: -21.2399998, y: -16.5100002, z: 0}
  m_LocalScale: {x: 1, y: 1, z: 1}
  m_Children: []
  m_Father: {fileID: 0}
  m_RootOrder: 16
--- !u!1001 &1463044827
Prefab:
  m_ObjectHideFlags: 0
  serializedVersion: 2
  m_Modification:
    m_TransformParent: {fileID: 0}
    m_Modifications:
    - target: {fileID: 419296, guid: 34818ff241b7b8c47b529edb148b494c, type: 2}
      propertyPath: m_LocalPosition.x
      value: -29.2600002
      objectReference: {fileID: 0}
    - target: {fileID: 419296, guid: 34818ff241b7b8c47b529edb148b494c, type: 2}
      propertyPath: m_LocalPosition.y
      value: -16.5499992
      objectReference: {fileID: 0}
    - target: {fileID: 419296, guid: 34818ff241b7b8c47b529edb148b494c, type: 2}
      propertyPath: m_LocalPosition.z
      value: 0
      objectReference: {fileID: 0}
    - target: {fileID: 419296, guid: 34818ff241b7b8c47b529edb148b494c, type: 2}
      propertyPath: m_LocalRotation.x
      value: 0
      objectReference: {fileID: 0}
    - target: {fileID: 419296, guid: 34818ff241b7b8c47b529edb148b494c, type: 2}
      propertyPath: m_LocalRotation.y
      value: 0
      objectReference: {fileID: 0}
    - target: {fileID: 419296, guid: 34818ff241b7b8c47b529edb148b494c, type: 2}
      propertyPath: m_LocalRotation.z
      value: 0
      objectReference: {fileID: 0}
    - target: {fileID: 419296, guid: 34818ff241b7b8c47b529edb148b494c, type: 2}
      propertyPath: m_LocalRotation.w
      value: 1
      objectReference: {fileID: 0}
    - target: {fileID: 419296, guid: 34818ff241b7b8c47b529edb148b494c, type: 2}
      propertyPath: m_RootOrder
      value: 0
      objectReference: {fileID: 0}
    - target: {fileID: 184094, guid: 34818ff241b7b8c47b529edb148b494c, type: 2}
      propertyPath: m_Name
      value: Block (1)
      objectReference: {fileID: 0}
    - target: {fileID: 419296, guid: 34818ff241b7b8c47b529edb148b494c, type: 2}
      propertyPath: m_LocalScale.y
      value: 22.1446571
      objectReference: {fileID: 0}
    m_RemovedComponents: []
  m_ParentPrefab: {fileID: 100100000, guid: 34818ff241b7b8c47b529edb148b494c, type: 2}
  m_IsPrefabParent: 0
--- !u!20 &1468342267 stripped
Camera:
  m_PrefabParentObject: {fileID: 2001092, guid: dc73d4267227bb4409e74180ad418cbf,
    type: 2}
  m_PrefabInternal: {fileID: 1481255523}
--- !u!1001 &1481255523
Prefab:
  m_ObjectHideFlags: 0
  serializedVersion: 2
  m_Modification:
    m_TransformParent: {fileID: 0}
    m_Modifications:
    - target: {fileID: 425266, guid: dc73d4267227bb4409e74180ad418cbf, type: 2}
      propertyPath: m_LocalPosition.x
      value: -22.4308491
      objectReference: {fileID: 0}
    - target: {fileID: 425266, guid: dc73d4267227bb4409e74180ad418cbf, type: 2}
      propertyPath: m_LocalPosition.y
      value: -18.1335754
      objectReference: {fileID: 0}
    - target: {fileID: 425266, guid: dc73d4267227bb4409e74180ad418cbf, type: 2}
      propertyPath: m_LocalPosition.z
      value: -10
      objectReference: {fileID: 0}
    - target: {fileID: 425266, guid: dc73d4267227bb4409e74180ad418cbf, type: 2}
      propertyPath: m_LocalRotation.x
      value: 0
      objectReference: {fileID: 0}
    - target: {fileID: 425266, guid: dc73d4267227bb4409e74180ad418cbf, type: 2}
      propertyPath: m_LocalRotation.y
      value: 0
      objectReference: {fileID: 0}
    - target: {fileID: 425266, guid: dc73d4267227bb4409e74180ad418cbf, type: 2}
      propertyPath: m_LocalRotation.z
      value: 0
      objectReference: {fileID: 0}
    - target: {fileID: 425266, guid: dc73d4267227bb4409e74180ad418cbf, type: 2}
      propertyPath: m_LocalRotation.w
      value: 1
      objectReference: {fileID: 0}
    - target: {fileID: 425266, guid: dc73d4267227bb4409e74180ad418cbf, type: 2}
      propertyPath: m_RootOrder
      value: 0
      objectReference: {fileID: 0}
    m_RemovedComponents: []
  m_ParentPrefab: {fileID: 100100000, guid: dc73d4267227bb4409e74180ad418cbf, type: 2}
  m_IsPrefabParent: 0
--- !u!1001 &1578090656
Prefab:
  m_ObjectHideFlags: 0
  serializedVersion: 2
  m_Modification:
    m_TransformParent: {fileID: 0}
    m_Modifications:
    - target: {fileID: 416038, guid: f906c5e99feb5234fbb9b99603692abd, type: 2}
      propertyPath: m_LocalPosition.x
      value: -19.9707909
      objectReference: {fileID: 0}
    - target: {fileID: 416038, guid: f906c5e99feb5234fbb9b99603692abd, type: 2}
      propertyPath: m_LocalPosition.y
      value: -19.8948689
      objectReference: {fileID: 0}
    - target: {fileID: 416038, guid: f906c5e99feb5234fbb9b99603692abd, type: 2}
      propertyPath: m_LocalPosition.z
      value: 0
      objectReference: {fileID: 0}
    - target: {fileID: 416038, guid: f906c5e99feb5234fbb9b99603692abd, type: 2}
      propertyPath: m_LocalRotation.x
      value: 0
      objectReference: {fileID: 0}
    - target: {fileID: 416038, guid: f906c5e99feb5234fbb9b99603692abd, type: 2}
      propertyPath: m_LocalRotation.y
      value: 0
      objectReference: {fileID: 0}
    - target: {fileID: 416038, guid: f906c5e99feb5234fbb9b99603692abd, type: 2}
      propertyPath: m_LocalRotation.z
      value: 0
      objectReference: {fileID: 0}
    - target: {fileID: 416038, guid: f906c5e99feb5234fbb9b99603692abd, type: 2}
      propertyPath: m_LocalRotation.w
      value: 1
      objectReference: {fileID: 0}
    - target: {fileID: 416038, guid: f906c5e99feb5234fbb9b99603692abd, type: 2}
      propertyPath: m_RootOrder
      value: 0
      objectReference: {fileID: 0}
    m_RemovedComponents: []
  m_ParentPrefab: {fileID: 100100000, guid: f906c5e99feb5234fbb9b99603692abd, type: 2}
  m_IsPrefabParent: 0
--- !u!1001 &1710524262
Prefab:
  m_ObjectHideFlags: 0
  serializedVersion: 2
  m_Modification:
    m_TransformParent: {fileID: 0}
    m_Modifications:
    - target: {fileID: 22411450, guid: 7853b9caec2a3ba4ba1c533db55eb695, type: 2}
      propertyPath: m_LocalPosition.x
      value: 0
      objectReference: {fileID: 0}
    - target: {fileID: 22411450, guid: 7853b9caec2a3ba4ba1c533db55eb695, type: 2}
      propertyPath: m_LocalPosition.y
      value: 0
      objectReference: {fileID: 0}
    - target: {fileID: 22411450, guid: 7853b9caec2a3ba4ba1c533db55eb695, type: 2}
      propertyPath: m_LocalPosition.z
      value: 0
      objectReference: {fileID: 0}
    - target: {fileID: 22411450, guid: 7853b9caec2a3ba4ba1c533db55eb695, type: 2}
      propertyPath: m_LocalRotation.x
      value: 0
      objectReference: {fileID: 0}
    - target: {fileID: 22411450, guid: 7853b9caec2a3ba4ba1c533db55eb695, type: 2}
      propertyPath: m_LocalRotation.y
      value: 0
      objectReference: {fileID: 0}
    - target: {fileID: 22411450, guid: 7853b9caec2a3ba4ba1c533db55eb695, type: 2}
      propertyPath: m_LocalRotation.z
      value: 0
      objectReference: {fileID: 0}
    - target: {fileID: 22411450, guid: 7853b9caec2a3ba4ba1c533db55eb695, type: 2}
      propertyPath: m_LocalRotation.w
      value: 1
      objectReference: {fileID: 0}
    - target: {fileID: 22411450, guid: 7853b9caec2a3ba4ba1c533db55eb695, type: 2}
      propertyPath: m_RootOrder
      value: 0
      objectReference: {fileID: 0}
    - target: {fileID: 22411450, guid: 7853b9caec2a3ba4ba1c533db55eb695, type: 2}
      propertyPath: m_AnchoredPosition.x
      value: 0
      objectReference: {fileID: 0}
    - target: {fileID: 22411450, guid: 7853b9caec2a3ba4ba1c533db55eb695, type: 2}
      propertyPath: m_AnchoredPosition.y
      value: 0
      objectReference: {fileID: 0}
    - target: {fileID: 22411450, guid: 7853b9caec2a3ba4ba1c533db55eb695, type: 2}
      propertyPath: m_SizeDelta.x
      value: 0
      objectReference: {fileID: 0}
    - target: {fileID: 22411450, guid: 7853b9caec2a3ba4ba1c533db55eb695, type: 2}
      propertyPath: m_SizeDelta.y
      value: 0
      objectReference: {fileID: 0}
    - target: {fileID: 22411450, guid: 7853b9caec2a3ba4ba1c533db55eb695, type: 2}
      propertyPath: m_AnchorMin.x
      value: 0
      objectReference: {fileID: 0}
    - target: {fileID: 22411450, guid: 7853b9caec2a3ba4ba1c533db55eb695, type: 2}
      propertyPath: m_AnchorMin.y
      value: 0
      objectReference: {fileID: 0}
    - target: {fileID: 22411450, guid: 7853b9caec2a3ba4ba1c533db55eb695, type: 2}
      propertyPath: m_AnchorMax.x
      value: 0
      objectReference: {fileID: 0}
    - target: {fileID: 22411450, guid: 7853b9caec2a3ba4ba1c533db55eb695, type: 2}
      propertyPath: m_AnchorMax.y
      value: 0
      objectReference: {fileID: 0}
    - target: {fileID: 22411450, guid: 7853b9caec2a3ba4ba1c533db55eb695, type: 2}
      propertyPath: m_Pivot.x
      value: 0
      objectReference: {fileID: 0}
    - target: {fileID: 22411450, guid: 7853b9caec2a3ba4ba1c533db55eb695, type: 2}
      propertyPath: m_Pivot.y
      value: 0
      objectReference: {fileID: 0}
    - target: {fileID: 22355366, guid: 7853b9caec2a3ba4ba1c533db55eb695, type: 2}
      propertyPath: m_Camera
      value: 
      objectReference: {fileID: 1468342267}
    m_RemovedComponents: []
  m_ParentPrefab: {fileID: 100100000, guid: 7853b9caec2a3ba4ba1c533db55eb695, type: 2}
  m_IsPrefabParent: 0
--- !u!1001 &1716436159
Prefab:
  m_ObjectHideFlags: 0
  serializedVersion: 2
  m_Modification:
    m_TransformParent: {fileID: 0}
    m_Modifications:
    - target: {fileID: 428020, guid: e695c347d99d79b4d95409e2223011d5, type: 2}
      propertyPath: m_LocalPosition.x
      value: -29.3199997
      objectReference: {fileID: 0}
    - target: {fileID: 428020, guid: e695c347d99d79b4d95409e2223011d5, type: 2}
      propertyPath: m_LocalPosition.y
      value: -16.4500008
      objectReference: {fileID: 0}
    - target: {fileID: 428020, guid: e695c347d99d79b4d95409e2223011d5, type: 2}
      propertyPath: m_LocalPosition.z
      value: 0
      objectReference: {fileID: 0}
    - target: {fileID: 428020, guid: e695c347d99d79b4d95409e2223011d5, type: 2}
      propertyPath: m_LocalRotation.x
      value: 0
      objectReference: {fileID: 0}
    - target: {fileID: 428020, guid: e695c347d99d79b4d95409e2223011d5, type: 2}
      propertyPath: m_LocalRotation.y
      value: 0
      objectReference: {fileID: 0}
    - target: {fileID: 428020, guid: e695c347d99d79b4d95409e2223011d5, type: 2}
      propertyPath: m_LocalRotation.z
      value: -.707106829
      objectReference: {fileID: 0}
    - target: {fileID: 428020, guid: e695c347d99d79b4d95409e2223011d5, type: 2}
      propertyPath: m_LocalRotation.w
      value: .707106709
      objectReference: {fileID: 0}
    - target: {fileID: 428020, guid: e695c347d99d79b4d95409e2223011d5, type: 2}
      propertyPath: m_RootOrder
      value: 0
      objectReference: {fileID: 0}
    - target: {fileID: 145170, guid: e695c347d99d79b4d95409e2223011d5, type: 2}
      propertyPath: m_Name
      value: CamraBlock (2)
      objectReference: {fileID: 0}
    - target: {fileID: 21263086, guid: e695c347d99d79b4d95409e2223011d5, type: 2}
      propertyPath: m_Enabled
      value: 0
      objectReference: {fileID: 0}
    - target: {fileID: 428020, guid: e695c347d99d79b4d95409e2223011d5, type: 2}
      propertyPath: m_LocalScale.x
      value: 44.2732353
      objectReference: {fileID: 0}
    - target: {fileID: 428020, guid: e695c347d99d79b4d95409e2223011d5, type: 2}
      propertyPath: m_LocalScale.y
      value: 2.38518143
      objectReference: {fileID: 0}
    m_RemovedComponents: []
  m_ParentPrefab: {fileID: 100100000, guid: e695c347d99d79b4d95409e2223011d5, type: 2}
  m_IsPrefabParent: 0
--- !u!1001 &1718689355
Prefab:
  m_ObjectHideFlags: 0
  serializedVersion: 2
  m_Modification:
    m_TransformParent: {fileID: 0}
    m_Modifications:
    - target: {fileID: 22471066, guid: c70357f74dab0a048b01dd9b072dbe47, type: 2}
      propertyPath: m_LocalPosition.x
      value: 0
      objectReference: {fileID: 0}
    - target: {fileID: 22471066, guid: c70357f74dab0a048b01dd9b072dbe47, type: 2}
      propertyPath: m_LocalPosition.y
      value: 0
      objectReference: {fileID: 0}
    - target: {fileID: 22471066, guid: c70357f74dab0a048b01dd9b072dbe47, type: 2}
      propertyPath: m_LocalPosition.z
      value: 0
      objectReference: {fileID: 0}
    - target: {fileID: 22471066, guid: c70357f74dab0a048b01dd9b072dbe47, type: 2}
      propertyPath: m_LocalRotation.x
      value: 0
      objectReference: {fileID: 0}
    - target: {fileID: 22471066, guid: c70357f74dab0a048b01dd9b072dbe47, type: 2}
      propertyPath: m_LocalRotation.y
      value: 0
      objectReference: {fileID: 0}
    - target: {fileID: 22471066, guid: c70357f74dab0a048b01dd9b072dbe47, type: 2}
      propertyPath: m_LocalRotation.z
      value: 0
      objectReference: {fileID: 0}
    - target: {fileID: 22471066, guid: c70357f74dab0a048b01dd9b072dbe47, type: 2}
      propertyPath: m_LocalRotation.w
      value: 1
      objectReference: {fileID: 0}
    - target: {fileID: 22471066, guid: c70357f74dab0a048b01dd9b072dbe47, type: 2}
      propertyPath: m_RootOrder
      value: 0
      objectReference: {fileID: 0}
    - target: {fileID: 22471066, guid: c70357f74dab0a048b01dd9b072dbe47, type: 2}
      propertyPath: m_AnchoredPosition.x
      value: 0
      objectReference: {fileID: 0}
    - target: {fileID: 22471066, guid: c70357f74dab0a048b01dd9b072dbe47, type: 2}
      propertyPath: m_AnchoredPosition.y
      value: 0
      objectReference: {fileID: 0}
    - target: {fileID: 22471066, guid: c70357f74dab0a048b01dd9b072dbe47, type: 2}
      propertyPath: m_SizeDelta.x
      value: 0
      objectReference: {fileID: 0}
    - target: {fileID: 22471066, guid: c70357f74dab0a048b01dd9b072dbe47, type: 2}
      propertyPath: m_SizeDelta.y
      value: 0
      objectReference: {fileID: 0}
    - target: {fileID: 22471066, guid: c70357f74dab0a048b01dd9b072dbe47, type: 2}
      propertyPath: m_AnchorMin.x
      value: 0
      objectReference: {fileID: 0}
    - target: {fileID: 22471066, guid: c70357f74dab0a048b01dd9b072dbe47, type: 2}
      propertyPath: m_AnchorMin.y
      value: 0
      objectReference: {fileID: 0}
    - target: {fileID: 22471066, guid: c70357f74dab0a048b01dd9b072dbe47, type: 2}
      propertyPath: m_AnchorMax.x
      value: 0
      objectReference: {fileID: 0}
    - target: {fileID: 22471066, guid: c70357f74dab0a048b01dd9b072dbe47, type: 2}
      propertyPath: m_AnchorMax.y
      value: 0
      objectReference: {fileID: 0}
    - target: {fileID: 22471066, guid: c70357f74dab0a048b01dd9b072dbe47, type: 2}
      propertyPath: m_Pivot.x
      value: 0
      objectReference: {fileID: 0}
    - target: {fileID: 22471066, guid: c70357f74dab0a048b01dd9b072dbe47, type: 2}
      propertyPath: m_Pivot.y
      value: 0
      objectReference: {fileID: 0}
    - target: {fileID: 22458432, guid: c70357f74dab0a048b01dd9b072dbe47, type: 2}
      propertyPath: m_AnchorMax.x
      value: 1
      objectReference: {fileID: 0}
    - target: {fileID: 22458432, guid: c70357f74dab0a048b01dd9b072dbe47, type: 2}
      propertyPath: m_AnchorMax.y
      value: 1
      objectReference: {fileID: 0}
    - target: {fileID: 22418916, guid: c70357f74dab0a048b01dd9b072dbe47, type: 2}
      propertyPath: m_AnchorMin.x
      value: 1
      objectReference: {fileID: 0}
    - target: {fileID: 22418916, guid: c70357f74dab0a048b01dd9b072dbe47, type: 2}
      propertyPath: m_AnchorMax.x
      value: 1
      objectReference: {fileID: 0}
    - target: {fileID: 22418916, guid: c70357f74dab0a048b01dd9b072dbe47, type: 2}
      propertyPath: m_AnchorMax.y
      value: 1
      objectReference: {fileID: 0}
    - target: {fileID: 22447646, guid: c70357f74dab0a048b01dd9b072dbe47, type: 2}
      propertyPath: m_AnchorMax.x
      value: 1
      objectReference: {fileID: 0}
    - target: {fileID: 22447646, guid: c70357f74dab0a048b01dd9b072dbe47, type: 2}
      propertyPath: m_AnchorMax.y
      value: 1
      objectReference: {fileID: 0}
    - target: {fileID: 22441114, guid: c70357f74dab0a048b01dd9b072dbe47, type: 2}
      propertyPath: m_AnchorMin.x
      value: 1
      objectReference: {fileID: 0}
    - target: {fileID: 22441114, guid: c70357f74dab0a048b01dd9b072dbe47, type: 2}
      propertyPath: m_AnchorMax.x
      value: 1
      objectReference: {fileID: 0}
    - target: {fileID: 22441114, guid: c70357f74dab0a048b01dd9b072dbe47, type: 2}
      propertyPath: m_AnchorMax.y
      value: 1
      objectReference: {fileID: 0}
    - target: {fileID: 22348320, guid: c70357f74dab0a048b01dd9b072dbe47, type: 2}
      propertyPath: m_Camera
      value: 
      objectReference: {fileID: 1468342267}
    m_RemovedComponents: []
  m_ParentPrefab: {fileID: 100100000, guid: c70357f74dab0a048b01dd9b072dbe47, type: 2}
  m_IsPrefabParent: 0
--- !u!1001 &1838126672
Prefab:
  m_ObjectHideFlags: 0
  serializedVersion: 2
  m_Modification:
    m_TransformParent: {fileID: 0}
    m_Modifications:
    - target: {fileID: 449304, guid: 2ac767770003455479589e92b1b60750, type: 2}
      propertyPath: m_LocalPosition.x
      value: -23.956152
      objectReference: {fileID: 0}
    - target: {fileID: 449304, guid: 2ac767770003455479589e92b1b60750, type: 2}
      propertyPath: m_LocalPosition.y
      value: -18.295351
      objectReference: {fileID: 0}
    - target: {fileID: 449304, guid: 2ac767770003455479589e92b1b60750, type: 2}
      propertyPath: m_LocalPosition.z
      value: 0
      objectReference: {fileID: 0}
    - target: {fileID: 449304, guid: 2ac767770003455479589e92b1b60750, type: 2}
      propertyPath: m_LocalRotation.x
      value: 0
      objectReference: {fileID: 0}
    - target: {fileID: 449304, guid: 2ac767770003455479589e92b1b60750, type: 2}
      propertyPath: m_LocalRotation.y
      value: 0
      objectReference: {fileID: 0}
    - target: {fileID: 449304, guid: 2ac767770003455479589e92b1b60750, type: 2}
      propertyPath: m_LocalRotation.z
      value: 0
      objectReference: {fileID: 0}
    - target: {fileID: 449304, guid: 2ac767770003455479589e92b1b60750, type: 2}
      propertyPath: m_LocalRotation.w
      value: 1
      objectReference: {fileID: 0}
    - target: {fileID: 449304, guid: 2ac767770003455479589e92b1b60750, type: 2}
      propertyPath: m_RootOrder
      value: 0
      objectReference: {fileID: 0}
    m_RemovedComponents: []
  m_ParentPrefab: {fileID: 100100000, guid: 2ac767770003455479589e92b1b60750, type: 2}
  m_IsPrefabParent: 0
--- !u!1001 &1960114121
Prefab:
  m_ObjectHideFlags: 0
  serializedVersion: 2
  m_Modification:
    m_TransformParent: {fileID: 0}
    m_Modifications:
    - target: {fileID: 497646, guid: 437f347d9ebc4b94a86f2d43d5f07d6d, type: 2}
      propertyPath: m_LocalPosition.x
      value: -14.3079996
      objectReference: {fileID: 0}
    - target: {fileID: 497646, guid: 437f347d9ebc4b94a86f2d43d5f07d6d, type: 2}
      propertyPath: m_LocalPosition.y
      value: -20.1189995
      objectReference: {fileID: 0}
    - target: {fileID: 497646, guid: 437f347d9ebc4b94a86f2d43d5f07d6d, type: 2}
      propertyPath: m_LocalPosition.z
      value: 0
      objectReference: {fileID: 0}
    - target: {fileID: 497646, guid: 437f347d9ebc4b94a86f2d43d5f07d6d, type: 2}
      propertyPath: m_LocalRotation.x
      value: 0
      objectReference: {fileID: 0}
    - target: {fileID: 497646, guid: 437f347d9ebc4b94a86f2d43d5f07d6d, type: 2}
      propertyPath: m_LocalRotation.y
      value: 0
      objectReference: {fileID: 0}
    - target: {fileID: 497646, guid: 437f347d9ebc4b94a86f2d43d5f07d6d, type: 2}
      propertyPath: m_LocalRotation.z
      value: 0
      objectReference: {fileID: 0}
    - target: {fileID: 497646, guid: 437f347d9ebc4b94a86f2d43d5f07d6d, type: 2}
      propertyPath: m_LocalRotation.w
      value: 1
      objectReference: {fileID: 0}
    - target: {fileID: 497646, guid: 437f347d9ebc4b94a86f2d43d5f07d6d, type: 2}
      propertyPath: m_RootOrder
      value: 0
      objectReference: {fileID: 0}
    - target: {fileID: 11441328, guid: 437f347d9ebc4b94a86f2d43d5f07d6d, type: 2}
      propertyPath: newPointX
      value: -27.8552303
      objectReference: {fileID: 0}
    - target: {fileID: 11441328, guid: 437f347d9ebc4b94a86f2d43d5f07d6d, type: 2}
      propertyPath: newPointY
      value: -17.9423199
      objectReference: {fileID: 0}
    - target: {fileID: 11441328, guid: 437f347d9ebc4b94a86f2d43d5f07d6d, type: 2}
      propertyPath: newCameraX
      value: -26.9595509
      objectReference: {fileID: 0}
    - target: {fileID: 11441328, guid: 437f347d9ebc4b94a86f2d43d5f07d6d, type: 2}
      propertyPath: newCameraY
      value: -16.0049992
      objectReference: {fileID: 0}
    - target: {fileID: 11441328, guid: 437f347d9ebc4b94a86f2d43d5f07d6d, type: 2}
      propertyPath: LevelName
      value: TrueLevel1
      objectReference: {fileID: 0}
    m_RemovedComponents: []
  m_ParentPrefab: {fileID: 100100000, guid: 437f347d9ebc4b94a86f2d43d5f07d6d, type: 2}
  m_IsPrefabParent: 0
--- !u!1 &2147204192
GameObject:
  m_ObjectHideFlags: 0
  m_PrefabParentObject: {fileID: 0}
  m_PrefabInternal: {fileID: 0}
  serializedVersion: 4
  m_Component:
  - 4: {fileID: 2147204194}
  - 212: {fileID: 2147204193}
  m_Layer: 0
  m_Name: fog-sky-mountain
  m_TagString: Untagged
  m_Icon: {fileID: 0}
  m_NavMeshLayer: 0
  m_StaticEditorFlags: 0
  m_IsActive: 1
--- !u!212 &2147204193
SpriteRenderer:
  m_ObjectHideFlags: 0
  m_PrefabParentObject: {fileID: 0}
  m_PrefabInternal: {fileID: 0}
  m_GameObject: {fileID: 2147204192}
  m_Enabled: 1
  m_CastShadows: 0
  m_ReceiveShadows: 0
  m_Materials:
  - {fileID: 10754, guid: 0000000000000000e000000000000000, type: 0}
  m_SubsetIndices: 
  m_StaticBatchRoot: {fileID: 0}
  m_UseLightProbes: 0
  m_ReflectionProbeUsage: 0
  m_ProbeAnchor: {fileID: 0}
  m_ScaleInLightmap: 1
  m_PreserveUVs: 0
  m_ImportantGI: 0
  m_AutoUVMaxDistance: .5
  m_AutoUVMaxAngle: 89
  m_LightmapParameters: {fileID: 0}
  m_SortingLayerID: 204921979
  m_SortingOrder: 0
  m_Sprite: {fileID: 21300000, guid: 0d65658567f99404b8c1edbe813eccea, type: 3}
  m_Color: {r: 1, g: 1, b: 1, a: 1}
--- !u!4 &2147204194
Transform:
  m_ObjectHideFlags: 0
  m_PrefabParentObject: {fileID: 0}
  m_PrefabInternal: {fileID: 0}
  m_GameObject: {fileID: 2147204192}
  m_LocalRotation: {x: 0, y: 0, z: 0, w: 1}
  m_LocalPosition: {x: -21.4140453, y: -16.537323, z: 0}
  m_LocalScale: {x: 1, y: 1, z: 1}
  m_Children: []
  m_Father: {fileID: 0}
  m_RootOrder: 17
